%comment{This file was created with betterbib v4.0.1.}


@article{coll2002sr-generator-composition,
 author = {Coll, Bartolomé and Martínez, Fernando San José},
 title = {Composition of {Lorentz} Transformations in Terms of Their Generators},
 journal = {Gen. Relat. Gravit.},
 doi = {10.1023/a:1020018616308},
 volume = {34},
 number = {9},
 pages = {1345-1356},
 year = {2002},
 publisher = {Springer Science and Business Media LLC},
 source = {Crossref},
 issn = {0001-7701, 1572-9532},
 month = sep,
 url = {https://doi.org/10.1023/a:1020018616308},
}

@article{coll1990sr-generator-exponentiation,
 author = {Coll, Bartolomé and San José, Fernando},
 title = {On the exponential of the 2-forms in relativity},
 journal = {Gen Relat Gravit},
 doi = {10.1007/bf00764159},
 volume = {22},
 number = {7},
 pages = {811-826},
 year = {1990},
 publisher = {Springer Science and Business Media LLC},
 source = {Crossref},
 issn = {0001-7701, 1572-9532},
 month = jul,
 url = {https://doi.org/10.1007/bf00764159},
}

@article{berry2021quat-sr,
 author = {Berry, Thomas and Visser, Matt},
 title = {{Lorentz} Boosts and {Wigner} Rotations: {Self-adjoint} Complexified Quaternions},
 doi = {10.3390/physics3020024},
 month = may,
 year = {2021},
 number = {2},
 pages = {352-366},
 source = {Crossref},
 volume = {3},
 journal = {Physics},
 publisher = {MDPI AG},
 issn = {2624-8174},
 url = {https://doi.org/10.3390/physics3020024},
}

@article{berry2020quat-sr,
 author = {Berry, Thomas and Visser, Matt},
 title = {Relativistic Combination of Non-Collinear 3-Velocities Using Quaternions},
 doi = {10.3390/universe6120237},
 journal = {Universe},
 volume = {6},
 number = {12},
 pages = {237},
 month = dec,
 year = {2020},
 source = {Crossref},
 publisher = {MDPI AG},
 issn = {2218-1997},
 url = {https://doi.org/10.3390/universe6120237},
}

@article{dirac1944quat-sr,
 author = {Dirac, P.A.M.},
 issn = {00358975},
 eprint = {http://www.jstor.org/stable/20520646},
 journal = {Proceedings of the Royal Irish Academy. Section A: Mathematical and Physical Sciences},
 pages = {261--270},
 publisher = {Royal Irish Academy},
 title = {Application of Quaternions to {Lorentz} Transformations},
 volume = {50},
 year = {1944},
}

@article{rastall1964quat-sr,
 author = {Rastall, Peter},
 title = {Quaternions in Relativity},
 journal = {Rev. Mod. Phys.},
 volume = {36},
 issue = {3},
 pages = {820-832},
 numpages = {0},
 year = {1964},
 month = jul,
 publisher = {American Physical Society (APS)},
 doi = {10.1103/revmodphys.36.820},
 number = {3},
 source = {Crossref},
 issn = {0034-6861},
 url = {https://doi.org/10.1103/revmodphys.36.820},
}

@article{silberstein1912quat-sr,
 author = {Silberstein, L.},
 title = {{LXXVI.} Quaternionic form of relativity},
 journal = {The London, Edinburgh, and Dublin Philosophical Magazine and Journal of Science},
 volume = {23},
 number = {137},
 pages = {790-809},
 year = {1912},
 publisher = {Informa UK Limited},
 doi = {10.1080/14786440508637276},
 source = {Crossref},
 issn = {1941-5982, 1941-5990},
 month = may,
 url = {https://doi.org/10.1080/14786440508637276},
}

@article{deleo1996quat-sr,
 author = {De Leo, Stefano},
 title = {Quaternions and special relativity},
 journal = {J. Math. Phys.},
 doi = {10.1063/1.531548},
 volume = {37},
 number = {6},
 pages = {2955-2968},
 year = {1996},
 publisher = {AIP Publishing},
 source = {Crossref},
 issn = {0022-2488, 1089-7658},
 month = jun,
 url = {https://doi.org/10.1063/1.531548},
}

@article{chappell2016quat-history,
 author = {Chappell, James M. and Iqbal, Azhar and Hartnett, John G. and Abbott, Derek},
 title = {The Vector Algebra War: {A} Historical Perspective},
 volume = {4},
 issn = {2169-3536},
 doi = {10.1109/access.2016.2538262},
 journal = {\#IEEE\_O\_ACC\#},
 publisher = {Institute of Electrical and Electronics Engineers (IEEE)},
 year = {2016},
 pages = {1997-2004},
 source = {Crossref},
 url = {https://doi.org/10.1109/access.2016.2538262},
}

@article{altmann1989quat-history,
 author = {Altmann, Simon L.},
 issn = {0025-570X, 1930-0980},
 doi = {10.1080/0025570x.1989.11977459},
 journal = {Math. Mag.},
 number = {5},
 pages = {291-308},
 publisher = {Informa UK Limited},
 title = {Hamilton, Rodrigues, and the Quaternion Scandal},
 volume = {62},
 year = {1989},
 source = {Crossref},
 month = dec,
 url = {https://doi.org/10.1080/0025570x.1989.11977459},
}

@article{achilles2012bch-early,
 author = {Achilles, Rüdiger and Bonfiglioli, Andrea},
 title = {The early proofs of the theorem of Campbell, Baker, Hausdorff, and Dynkin},
 journal = {Arch. Hist. Exact Sci.},
 doi = {10.1007/s00407-012-0095-8},
 volume = {66},
 number = {3},
 pages = {295-358},
 year = {2012},
 publisher = {Springer Science and Business Media LLC},
 source = {Crossref},
 issn = {0003-9519, 1432-0657},
 month = apr,
 url = {https://doi.org/10.1007/s00407-012-0095-8},
}

@article{gull1993sta,
 author = {Gull, Stephen and Lasenby, Anthony and Doran, Chris},
 title = {Imaginary numbers are not {real---The} geometric algebra of spacetime},
 journal = {Found Phys},
 doi = {10.1007/bf01883676},
 volume = {23},
 number = {9},
 pages = {1175-1201},
 year = {1993},
 publisher = {Springer Science and Business Media LLC},
 source = {Crossref},
 issn = {0015-9018, 1572-9516},
 month = sep,
 url = {https://doi.org/10.1007/bf01883676},
}

@article{hestenes2003sta,
 author = {Hestenes, David},
 title = {Spacetime physics with geometric algebra},
 journal = {Am. J. Phys.},
 doi = {10.1119/1.1571836},
 volume = {71},
 number = {7},
 pages = {691-714},
 year = {2003},
 publisher = {American Association of Physics Teachers (AAPT)},
 source = {Crossref},
 issn = {0002-9505, 1943-2909},
 month = jul,
 url = {https://doi.org/10.1119/1.1571836},
}

@article{dressel2015sta,
 author = {Dressel, Justin and Bliokh, Konstantin Y. and Nori, Franco},
 title = {Spacetime algebra as a powerful tool for electromagnetism},
 volume = {589},
 issn = {0370-1573},
 doi = {10.1016/j.physrep.2015.06.001},
 journal = {Phys. Rep.},
 publisher = {Elsevier BV},
 year = {2015},
 month = aug,
 pages = {1-71},
 source = {Crossref},
 url = {https://doi.org/10.1016/j.physrep.2015.06.001},
}

@article{baylis1989sta-pauli,
 author = {Baylis, W E and Jones, G},
 title = {The {Pauli} algebra approach to special relativity},
 journal = {J. Phys. A: Math. Gen.},
 doi = {10.1088/0305-4470/22/1/008},
 year = {1989},
 month = jan,
 publisher = {IOP Publishing},
 volume = {22},
 number = {1},
 pages = {1-15},
 source = {Crossref},
 issn = {0305-4470, 1361-6447},
 url = {https://doi.org/10.1088/0305-4470/22/1/008},
}

@book{doran2003ga,
 author = {Doran, Chris and Lasenby, Anthony},
 title = {Geometric Algebra for Physicists},
 isbn = {9780521480222, 9780521715959, 9780511807497},
 lccn = {2008271629},
 doi = {10.1017/cbo9780511807497},
 year = {2003},
 publisher = {Cambridge University Press},
 source = {Crossref},
 month = may,
 url = {https://doi.org/10.1017/cbo9780511807497},
}

@phdthesis{doran1994ga,
 author = {Doran, Chris},
 title = {Geometric algebra and its application to mathematical physics},
 doi = {10.17863/CAM.16148},
 year = {1994},
 school = {University of Cambridge},
}

@incollection{hestenes1986ga-unified-language,
 author = {Hestenes, David},
 title = {A Unified Language for Mathematics and Physics},
 doi = {10.1007/978-94-009-4728-3_1},
 booktitle = {Clifford Algebras and Their Applications in Mathematical Physics},
 pages = {1-23},
 year = {1986},
 publisher = {Springer Netherlands},
 source = {Crossref},
 url = {https://doi.org/10.1007/978-94-009-4728-3_1},
}

@article{lasenby2016ga-unified-language,
 author = {Lasenby, Anthony N.},
 title = {Geometric Algebra as a Unifying Language for Physics and Engineering and Its Use in the Study of Gravity},
 volume = {27},
 issn = {0188-7009, 1661-4909},
 doi = {10.1007/s00006-016-0700-z},
 number = {1},
 journal = {Adv. Appl. Clifford Algebras},
 publisher = {Springer Science and Business Media LLC},
 year = {2016},
 month = jul,
 pages = {733-759},
 source = {Crossref},
 url = {https://doi.org/10.1007/s00006-016-0700-z},
}

@book{vince2008ga-graphics,
 author = {Vince, John},
 title = {Geometric Algebra for Computer Graphics},
 doi = {10.1007/978-1-84628-997-2},
 isbn = {9781846289965, 9781846289972},
 lccn = {2008921355},
 year = {2008},
 publisher = {Springer London},
 source = {Crossref},
 url = {https://doi.org/10.1007/978-1-84628-997-2},
}

@book{lasenby2011ga-practical,
 author = {Lasenby, Joan},
 title = {Guide to Geometric Algebra in Practice},
 year = {2011},
 publisher = {Springer London},
 doi = {10.1007/978-0-85729-811-9},
 source = {Crossref},
 isbn = {9780857298102, 9780857298119},
 url = {https://doi.org/10.1007/978-0-85729-811-9},
}

@article{mocanu1992sr-velocity-composition,
 author = {Mocanu, Constantin I.},
 title = {On the relativistic velocity composition paradox and the {Thomas} rotation},
 journal = {Found Phys Lett},
 doi = {10.1007/bf00690425},
 volume = {5},
 number = {5},
 pages = {443-456},
 year = {1992},
 publisher = {Springer Science and Business Media LLC},
 source = {Crossref},
 issn = {0894-9875, 1572-9524},
 month = oct,
 url = {https://doi.org/10.1007/bf00690425},
}

@article{visser2011sr-velocity-composition,
 author = {O’Donnell, Kane and Visser, Matt},
 title = {Elementary analysis of the special relativistic combination of velocities, {Wigner} rotation and {Thomas} precession},
 journal = {Eur. J. Phys.},
 doi = {10.1088/0143-0807/32/4/016},
 volume = {32},
 number = {4},
 pages = {1033-1047},
 year = {2011},
 publisher = {IOP Publishing},
 source = {Crossref},
 issn = {0143-0807, 1361-6404},
 month = jun,
 url = {https://doi.org/10.1088/0143-0807/32/4/016},
}

@article{ungar1989sr-velocity-composition,
 author = {Ungar, Abraham A.},
 title = {The relativistic velocity composition paradox and the {Thomas} rotation},
 journal = {Found Phys},
 doi = {10.1007/bf00732759},
 volume = {19},
 number = {11},
 pages = {1385-1396},
 year = {1989},
 publisher = {Springer Science and Business Media LLC},
 source = {Crossref},
 issn = {0015-9018, 1572-9516},
 month = nov,
 url = {https://doi.org/10.1007/bf00732759},
}

@inbook{cartan-dieudonne-theorem,
 author = {Gallier, Jean},
 title = {The {Cartan--Dieudonn\'e} Theorem},
 booktitle = {Texts in Applied Mathematics},
 year = {2011},
 publisher = {Springer New York},
 address = {New York, NY},
 pages = {231-280},
 chapter = {The Cartan--Dieudonn\'e Theorem},
 isbn = {978-1-4419-9961-0},
 doi = {10.1007/978-1-4419-9961-0_8},
 source = {Crossref},
 issn = {0939-2475},
 url = {https://doi.org/10.1007/978-1-4419-9961-0_8},
}

@article{hestenes1991pga,
 author = {Hestenes, David and Ziegler, Renatus},
 title = {Projective geometry with {Clifford} algebra},
 journal = {Acta Appl Math},
 doi = {10.1007/bf00046919},
 volume = {23},
 number = {1},
 pages = {25-63},
 year = {1991},
 publisher = {Springer Science and Business Media LLC},
 source = {Crossref},
 issn = {0167-8019, 1572-9036},
 month = apr,
 url = {https://doi.org/10.1007/bf00046919},
}

@misc{todorov2011clifford,
 author = {Todorov, Ivan},
 title = {{Clifford} Algebras and Spinors},
 journal = {arXiv e-prints},
 keywords = {Mathematical Physics, Mathematics - History and Overview, Physics - History and Philosophy of Physics},
 year = {2011},
 month = jun,
 archiveprefix = {arXiv},
 url = {https://arxiv.org/abs/1106.3197},
 primaryclass = {math-ph},
}

@article{lie-groups-as-spin-groups,
 author = {Doran, C. and Hestenes, D. and Sommen, F. and Van Acker, N.},
 title = {Lie groups as spin groups},
 journal = {J. Math. Phys.},
 doi = {10.1063/1.530050},
 volume = {34},
 number = {8},
 pages = {3642-3669},
 year = {1993},
 source = {Crossref},
 publisher = {AIP Publishing},
 issn = {0022-2488, 1089-7658},
 month = aug,
 url = {https://doi.org/10.1063/1.530050},
}

@article{zeni1992lorentz&clifford,
 author = {Zeni, J. Ricardo and Rodrigues, Waldyr A.},
 title = {A Thoughtful Study Of {Lorentz} Transformations By {Clifford} Algebras},
 journal = {Int. J. Mod. Phys. A},
 volume = {07},
 number = {08},
 pages = {1793-1817},
 year = {1992},
 doi = {10.1142/s0217751x92000776},
 source = {Crossref},
 publisher = {World Scientific Pub Co Pte Lt},
 issn = {0217-751X, 1793-656X},
 month = mar,
 url = {https://doi.org/10.1142/s0217751x92000776},
}

@article{wigner1939unitary,
 author = {Wigner, E.},
 title = {On Unitary Representations of the Inhomogeneous {Lorentz} Group},
 journal = {The Annals of Mathematics},
 doi = {10.2307/1968551},
 pages = {149},
 year = {1939},
 publisher = {JSTOR},
 number = {1},
 source = {Crossref},
 volume = {40},
 issn = {0003-486X},
 month = jan,
 url = {https://doi.org/10.2307/1968551},
}

@article{poisson2002gr-null-shells,
 author = {Poisson, Eric},
 title = {{A Reformulation of the Barrabes-{Israel} null shell formalism}},
 eprint = {gr-qc/0207101},
 archiveprefix = {arXiv},
 month = jul,
 year = {2002},
}

@article{israel1966gr-hypersurfaces,
 author = {Israel, W.},
 title = {Singular hypersurfaces and thin shells in general relativity},
 doi = {10.1007/bf02710419},
 journal = {Nuov Cim B},
 volume = {44},
 pages = {1-14},
 year = {1966},
 note = {[Erratum: Nuovo Cim.B 48, 463 (1967)]},
 number = {1},
 source = {Crossref},
 publisher = {Springer Science and Business Media LLC},
 issn = {0369-3554, 1826-9877},
 month = jul,
 url = {https://doi.org/10.1007/bf02710419},
}

@article{clifford1878grassmann,
 author = {Clifford, Professor},
 title = {Applications of Grassmann's Extensive Algebra},
 journal = {Am. J. Math.},
 volume = {1},
 number = {4},
 pages = {350},
 year = {1878},
 publisher = {JSTOR},
 doi = {10.2307/2369379},
 source = {Crossref},
 issn = {0002-9327},
 url = {https://doi.org/10.2307/2369379},
}

@article{lee2012diffgeo,
 author = {Lee, John M.},
 title = {Introduction to Smooth Manifolds},
 isbn = {9781441999825},
 issn = {0072-5285},
 doi = {10.1007/978-1-4419-9982-5},
 journal = {Grad. Texts Math.},
 publisher = {Springer New York},
 year = {2012},
}

@article{bralic1980nast,
 author = {Bralić, Ninoslav E.},
 title = {Exact computation of loop averages in two-dimensional Yang-Mills theory},
 journal = {Phys. Rev. D},
 volume = {22},
 issue = {12},
 pages = {3090-3103},
 numpages = {0},
 year = {1980},
 month = dec,
 publisher = {American Physical Society (APS)},
 doi = {10.1103/physrevd.22.3090},
 number = {12},
 source = {Crossref},
 issn = {0556-2821},
 url = {https://doi.org/10.1103/physrevd.22.3090},
}

@book{dollard1984mul-int,
 author = {Dollard, John Day and Friedman, Charles N.},
 title = {Product Integration with Application to Differential Equations},
 publisher = {Cambridge University Press},
 year = {1984},
 month = dec,
 date = {28},
 edition = {Hardcover},
 language = {English},
 pages = {286},
 isbn = {9780521302302, 9780521177375, 9781107340701},
 doi = {10.1017/cbo9781107340701},
 source = {Crossref},
 url = {https://doi.org/10.1017/cbo9781107340701},
}

@book{misner1973gravitation,
 author = {{Misner}, C.W. and {Thorne}, K.S. and {Wheeler}, J.A.},
 title = {{Gravitation}},
 isbn = {0716703440},
 year = {1973},
}

@book{gallian2021abstract-algebra,
 author = {Gallian, Joseph A.},
 title = {Student Solutions Manual},
 isbn = {9781003182306},
 lccn = {2021000961},
 series = {Textbooks in mathematics},
 year = {2021},
 publisher = {Chapman and Hall/CRC},
 doi = {10.1201/9781003182306},
 source = {Crossref},
 subtitle = {Contemporary Abstract Algebra},
 month = jun,
 url = {https://doi.org/10.1201/9781003182306},
}

@article{silberstein,
 author = {Bialynicki-Birula, Iwo and Bialynicka-Birula, Zofia},
 title = {The role of the {Riemann--Silberstein} vector in classical and quantum theories of electromagnetism},
 volume = {46},
 issn = {1751-8113, 1751-8121},
 doi = {10.1088/1751-8113/46/5/053001},
 number = {5},
 journal = {J. Phys. A: Math. Theor.},
 publisher = {IOP Publishing},
 year = {2013},
 month = jan,
 pages = {053001},
 source = {Crossref},
 url = {https://doi.org/10.1088/1751-8113/46/5/053001},
}

@book{dummit2003abstract-algebra,
 author = {Dummit, D.S. and Foote, R.M.},
 title = {Abstract Algebra},
 isbn = {9780471433347},
 lccn = {2003057652},
 url = {https://books.google.co.nz/books?id=KIGbCgAAQBAJ},
 year = {2003},
 publisher = {Wiley},
}

@book{kobayashi1963dg,
 author = {Kobayashi, Shoshichi and Nomizu, Katsumi},
 title = {Foundations of differential geometry},
 volume = {1},
 number = {2},
 year = {1963},
 publisher = {New York, London},
}

@book{spivak1975dg,
 author = {Spivak, Michael},
 title = {A comprehensive introduction to differential geometry},
 volume = {5},
 year = {1975},
 publisher = {Publish or Perish, Incorporated},
}

@article{einstein1913gr,
  title={Outline of a generalized theory of relativity and of a theory of gravitation},
  author={Einstein, Albert and Grossmann, Marcel},
  journal={The collected papers of Albert Einstein},
  volume={4},
  pages={1912--1914},
  year={1913}
}

@article{einstein1905electrodynamics,
 author = {Einstein, Albert},
 title = {On the electrodynamics of moving bodies},
 journal = {Ann. Phys.},
 volume = {17},
 number = {10},
 month = jun,
 pages = {891--921},
 year = {1905},
}

@article{klein1893erlangen,
  title={A comparative review of recent researches in geometry},
  author={Klein, Felix},
  journal={Bulletin of the American Mathematical Society},
  volume={2},
  number={10},
  pages={215--249},
  year={1893}
}

@book{lipschitz1880clifford-alg,
  title={Principes d'un calcul alg{\'e}brique qui contient, comme esp{\`e}ces particuli{\`e}res, le calcul des quantit{\'e}s imaginaires et des quaternions:(extrait d'une lettre adress{\'e}e {\`a} M. Hermite)},
  author={Lipschitz, Rudolf},
  year={1880},
  publisher={Gauthier-Villars}
}